@ARTICLE{parker1958,
   author = {{Parker}, E.~N.},
    title = "{Dynamics of the Interplanetary Gas and Magnetic Fields.}",
  journal = {\apj},
     year = 1958,
    month = nov,
   volume = 128,
    pages = {664},
      doi = {10.1086/146579},
   adsurl = {http://adsabs.harvard.edu/abs/1958ApJ...128..664P},
  adsnote = {Provided by the SAO/NASA Astrophysics Data System}
}

@online{people.hao,
  author = {Ucar},
  title = {Subsurface {E}volution of {A}ctive {R}egion {F}lux {T}ubes},
  url = {http://people.hao.ucar.edu/yfan/subsurface.html},
  urldate = {2013-09-10}
}

@Book{Priest2000,
author = {Eric Priest},
title = {Magnetic {R}econnection: {MHD} {T}heory and {A}pplications},
publisher = {Cambridge University Press 2000},
year = {2000},
address = {Cambridge, UK}
}

@ARTICLE{Atkinson,
   author = {{Atkinson}, G.},
    title = "{An approximate flow equation for geomagnetic flux tubes and its application to polar substorms}",
  journal = {\jgr},
 keywords = {Particles and Fields in the Earth's Magnetosphere: Magnetic tail, Particles and Fields in the Earth's Magnetosphere: Interaction between solar wind and magnetosphere, Particles and Fields in the Earth's Magnetosphere: Short-period (less than 1 day) variations of magnetic field, Particles and Fields in the Ionosphere: Auroral-zone magnetic effects, Particles and Fields in the Ionosphere: Auroras},
     year = 1967,
    month = nov,
   volume = 72,
    pages = {5373-5382},
      doi = {10.1029/JZ072i021p05373},
   adsurl = {http://adsabs.harvard.edu/abs/1967JGR....72.5373A},
  adsnote = {Provided by the SAO/NASA Astrophysics Data System}
}

@ARTICLE{parker,
   author = {{Parker}, E.~N.},
    title = "{The Formation of Sunspots from the Solar Toroidal Field.}",
  journal = {\apj},
     year = 1955,
    month = mar,
   volume = 121,
    pages = {491},
      doi = {10.1086/146010},
   adsurl = {http://adsabs.harvard.edu/abs/1955ApJ...121..491P},
  adsnote = {Provided by the SAO/NASA Astrophysics Data System}
}

